@article{shor1997polynomial,
  title={{Polynomial-time algorithms for prime factorization and discrete logarithms on a quantum computer}},
  author={Shor, Peter W},
  journal={SIAM journal on computing},
  volume={26},
  number={5},
  pages={1484--1509},
  year={1997},
  publisher={SIAM}
}

@article{hochet1989systolic,
  title={Systolic {Gaussian} elimination over {GF (p)} with partial pivoting},
  author={Hochet, Bertrand and Quinton, Patrice and Robert, Yves},
  journal={IEEE Transactions on Computers},
  volume={38},
  number={9},
  pages={1321--1324},
  year={1989},
  publisher={IEEE}
}

@article{horner1819xxi,
  title={XXI. A new method of solving numerical equations of all orders, by continuous approximation},
  author={Horner, William George},
  journal={Philosophical Transactions of the Royal Society of London},
  number={109},
  pages={308--335},
  year={1819},
  publisher={The Royal Society London}
}

@article{landais2012cfs,
  title={{CFS Software Implementation}.},
  author={Landais, Gregory and Sendrier, Nicolas},
  journal={IACR Cryptology ePrint Archive},
  volume={2012},
  pages={132},
  year={2012}
}

@inproceedings{kocher1996timing,
  title={Timing attacks on implementations of Diffie-Hellman, RSA, DSS, and other systems},
  author={Kocher, Paul C},
  booktitle={Annual International Cryptology Conference},
  pages={104--113},
  year={1996},
  organization={Springer}
}

@inproceedings{dhem1998practical,
  title={A practical implementation of the timing attack},
  author={Dhem, Jean-Francois and Koeune, Francois and Leroux, Philippe-Alexandre and Mestr{\'e}, Patrick and Quisquater, Jean-Jacques and Willems, Jean-Louis},
  booktitle={International Conference on Smart Card Research and Advanced Applications},
  pages={167--182},
  year={1998},
  organization={Springer}
}

@article{mceliece1978public,
  title={A public-key cryptosystem based on algebraic coding theory},
  author={McEliece, Robert J},
  journal={DSN progress report},
  volume={42},
  number={44},
  pages={114--116},
  year={1978}
}

@article{niederreiter1986knapsack,
  title={Knapsack-type cryptosystems and algebraic coding theory},
  author={Niederreiter, Harald},
  journal={Problems Of Control and Information Theory-Problemy Upravleniya I Thorii Informatsii},
  volume={15},
  number={2},
  pages={159--166},
  year={1986},
  publisher={PERGAMON-ELSEVIER SCIENCE LTD THE BOULEVARD, LANGFORD LANE, KIDLINGTON, OXFORD, ENGLAND OX5 1GB}
}


@inproceedings{monico2000using,
  title={Using low density parity check codes in the McEliece cryptosystem},
  author={Monico, Chris and Rosenthal, Joachim and Shokrollahi, Amin},
  booktitle={Information Theory, 2000. Proceedings. IEEE International Symposium on},
  pages={215},
  year={2000},
  organization={IEEE}
}

@article{otmani2010cryptanalysis,
  title={Cryptanalysis of two McEliece cryptosystems based on quasi-cyclic codes},
  author={Otmani, Ayoub and Tillich, Jean-Pierre and Dallot, L{\'e}onard},
  journal={Mathematics in Computer Science},
  volume={3},
  number={2},
  pages={129--140},
  year={2010},
  publisher={Springer}
}

@incollection{courtois2001achieve,
  title={How to achieve a {M}cEliece-based digital signature scheme},
  author={Courtois, Nicolas T and Finiasz, Matthieu and Sendrier, Nicolas},
  booktitle={Advances in Cryptology-ASIACRYPT 2001},
  pages={157--174},
  year={2001},
  publisher={Springer}
}

@article{shoufan2010novel,
  title={A novel cryptoprocessor architecture for the {M}cEliece public-key cryptosystem},
  author={Shoufan, Abdulhadi and Wink, Thorsten and Molter, H Gregor and Huss, Sorin A and Kohnert, Eike},
  journal={Computers, IEEE Transactions on},
  volume={59},
  number={11},
  pages={1533--1546},
  year={2010},
  publisher={IEEE}
}

@incollection{heyse2013smaller,
  title={Smaller keys for code-based cryptography: {QC-MDPC} {M}cEliece implementations on embedded devices},
  author={Heyse, Stefan and Von Maurich, Ingo and G{\"u}neysu, Tim},
  booktitle={Cryptographic Hardware and Embedded Systems--CHES 2013},
  pages={273--292},
  year={2013},
  publisher={Springer}
}

@inproceedings{von2014lightweight,
  title={Lightweight code-based cryptography: {QC-MDPC McEliece} encryption on reconfigurable devices},
  author={von Maurich, Ingo and G{\"u}neysu, Tim},
  booktitle={Proceedings of the conference on Design, Automation \& Test in Europe},
  pages={38},
  year={2014},
  organization={European Design and Automation Association}
}

@incollection{von2014towards,
  title={{Towards Side-Channel Resistant Implementations of {QC-MDPC McEliece} Encryption on Constrained Devices}},
  author={von Maurich, Ingo and G{\"u}neysu, Tim},
  booktitle={Post-Quantum Cryptography},
  pages={266--282},
  year={2014},
  publisher={Springer}
}

@article{beuchat2004fpga,
  title={{FPGA} implementation of a recently published signature scheme},
  author={Beuchat, Jean-Luc and Sendrier, Nicolas and Tisserand, Arnaud and Villard, Gilles},
  year={2004}
}

@article{huber1996note,
  title={Note on decoding binary {G}oppa codes},
  author={Huber, K},
  journal={Electronics Letters},
  volume={32},
  number={2},
  pages={102--103},
  year={1996},
  publisher={IET}
}

@incollection{mastrovito1989vlsi,
  title={{VLSI} designs for multiplication over finite fields {$GF(2^m)$}},
  author={Mastrovito, Edoardo D},
  booktitle={Applied Algebra, Algebraic Algorithms and Error-Correcting Codes},
  pages={297--309},
  year={1989},
  publisher={Springer}
}

@inproceedings{ghosh2012speed,
  title={A speed area optimized embedded co-processor for McEliece cryptosystem},
  author={Ghosh, Santosh and Delvaux, Jeroen and Uhsadel, Leif and Verbauwhede, Ingrid},
  booktitle={Application-Specific Systems, Architectures and Processors (ASAP), 2012 IEEE 23rd International Conference on},
  pages={102--108},
  year={2012},
  organization={IEEE}
}

@article{mastrovito1991vlsi,
  title={{VLSI} architectures for computations in Galois fields', 1991},
  author={Mastrovito, ED},
  journal={PhD, Linkoping University, Sweden},
  year={1991}
}



@book{rivest1990introduction,
  title={Introduction to algorithms},
  author={Rivest, Ronald L and Leiserson, Charles E},
  year={1990},
  publisher={McGraw-Hill, Inc.}
}

@article{chien1964cyclic,
  title={Cyclic decoding procedures for {Bose-Chaudhuri-Hocquenghem} codes.},
  author={Chien, Robert T},
  journal={IEEE Transactions on Information Theory},
  volume={10},
  number={4},
  pages={357--363},
  year={1964}
}

@incollection{heyse2012towards,
  title={Towards one cycle per bit asymmetric encryption: code-based cryptography on reconfigurable hardware},
  author={Heyse, Stefan and G{\"u}neysu, Tim},
  booktitle={Cryptographic Hardware and Embedded Systems--CHES 2012},
  pages={340--355},
  year={2012},
  publisher={Springer}
}

@article{risse1969sage,
  title={How {SAGE} helps to implement {Goppa Codes and McEliece PKCSs}},
  author={Risse, Thomas},
  journal={Trans. Inform. Theory. Vol. IT},
  volume={15},
  number={1},
  pages={122--127},
  year={1969}
}
@article{huber1996note,
  title={Note on decoding binary {G}oppa codes},
  author={Huber, K},
  journal={Electronics Letters},
  volume={32},
  number={2},
  pages={102--103},
  year={1996},
  publisher={IET}
}

@inproceedings{finiasz2011parallel,
  title={{Parallel-CFS}},
  author={Finiasz, Matthieu},
  booktitle={Selected areas in cryptography},
  pages={159--170},
  year={2011},
  organization={Springer}
}

@incollection{bernstein2011smaller,
  title={Smaller decoding exponents: ball-collision decoding},
  author={Bernstein, Daniel J and Lange, Tanja and Peters, Christiane},
  booktitle={Advances in Cryptology--CRYPTO 2011},
  pages={743--760},
  year={2011},
  publisher={Springer}
}

@incollection{may2011decoding,
  title={{Decoding Random Linear Codes in  $\widetilde{\mathcal{O}}(2^{0.054n})$}},
  author={May, Alexander and Meurer, Alexander and Thomae, Enrico},
  booktitle={Advances in Cryptology--ASIACRYPT 2011},
  pages={107--124},
  year={2011},
  publisher={Springer}
}

@incollection{wagner2002generalized,
  title={A generalized birthday problem},
  author={Wagner, David},
  booktitle={Advances in cryptology--CRYPTO 2002},
  pages={288--304},
  year={2002},
  publisher={Springer}
}

@incollection{finiasz2009security,
  title={Security bounds for the design of code-based cryptosystems},
  author={Finiasz, Matthieu and Sendrier, Nicolas},
  booktitle={Advances in Cryptology--ASIACRYPT 2009},
  pages={88--105},
  year={2009},
  publisher={Springer}
}

@incollection{stern1989method,
  title={A method for finding codewords of small weight},
  author={Stern, Jacques},
  booktitle={Coding theory and applications},
  pages={106--113},
  year={1989},
  publisher={Springer}
}

@article{landais2012cfs,
  title={{CFS} Software Implementation.},
  author={Landais, Gregory and Sendrier, Nicolas},
  journal={IACR Cryptology ePrint Archive},
  volume={2012},
  pages={132},
  year={2012}
}

@incollection{landais2012implementing,
  title={Implementing {CFS}},
  author={Landais, Gr{\'e}gory and Sendrier, Nicolas},
  booktitle={Progress in Cryptology-INDOCRYPT 2012},
  pages={474--488},
  year={2012},
  publisher={Springer}
}

@incollection{bernstein2009introduction,
  title={Introduction to post-quantum cryptography},
  author={Bernstein, Daniel J},
  booktitle={Post-Quantum Cryptography},
  pages={1--14},
  year={2009},
  publisher={Springer}
}

@article{goppa1970new,
  title={A new class of linear correcting codes},
  author={Goppa, Valerii Denisovich},
  journal={Problemy Peredachi Informatsii},
  volume={6},
  number={3},
  pages={24--30},
  year={1970},
  publisher={Russian Academy of Sciences, Branch of Informatics, Computer Equipment and~â€¦}
}

@incollection{heyse2010low,
  title={Low-reiter: {N}iederreiter encryption scheme for embedded microcontrollers},
  author={Heyse, Stefan},
  booktitle={Post-Quantum Cryptography},
  pages={165--181},
  year={2010},
  publisher={Springer}
}

@article{kerl2009berlekamp,
  title={The {Berlekamp} algorithm},
  author={Kerl, John},
  year={2009}
}
@article{biswas2009efficient,
  title={{Efficient Root Finding of Polynomials over Fields of Characteristic 2}.},
  author={Biswas, Bhaskar and Herbert, Vincent},
  year={2009}
}

@book{deschamps2009hardware,
  title={Hardware implementation of finite-field arithmetic},
  author={Deschamps, Jean-Pierre},
  year={2009},
  publisher={McGraw-Hill, Inc.}
}

@article{shoufan2010novel,
  title={A novel cryptoprocessor architecture for the {M}cEliece public-key cryptosystem},
  author={Shoufan, Abdulhadi and Wink, Thorsten and Molter, H Gregor and Huss, Sorin and Kohnert, Eike and others},
  journal={Computers, IEEE Transactions on},
  volume={59},
  number={11},
  pages={1533--1546},
  year={2010},
  publisher={IEEE}
}


@incollection{heyse2013smaller,
  title={Smaller keys for code-based cryptography: {QC-MDPC} {M}cEliece implementations on embedded devices},
  author={Heyse, Stefan and Von Maurich, Ingo and G{\"u}neysu, Tim},
  booktitle={Cryptographic Hardware and Embedded Systems--CHES 2013},
  pages={273--292},
  year={2013},
  publisher={Springer}
}

@inproceedings{sendrier2014code,
  title={{C}ode-Based Public-Key Cryptography},
  author={Sendrier, Nicolas},
  booktitle={Post-Quantum Cryptography Summer School},
  year={2014}
}


@incollection{rebeiro2012pushing,
  title={Pushing the limits of high-speed {$GF(2^m)$} elliptic curve scalar multiplication on {FPGAs}},
  author={Rebeiro, Chester and Roy, Sujoy Sinha and Mukhopadhyay, Debdeep},
  booktitle={Cryptographic Hardware and Embedded Systems--CHES 2012},
  pages={494--511},
  year={2012},
  publisher={Springer}
}

@article{suzuki2011maximize,
  title={How to maximize the potential of {FPGA-based DSPs} for modular exponentiation},
  author={Suzuki, Daisuke and Matsumoto, Tsutomu},
  journal={IEICE transactions on fundamentals of electronics, communications and computer sciences},
  volume={94},
  number={1},
  pages={211--222},
  year={2011},
  publisher={The Institute of Electronics, Information and Communication Engineers}
}

@inproceedings{kamal2009fpga,
  title={An {FPGA} implementation of the {NTRUEncrypt} cryptosystem},
  author={Kamal, Abdel Alim and Youssef, Amr M},
  booktitle={Microelectronics (ICM), 2009 International Conference on},
  pages={209--212},
  year={2009},
  organization={IEEE}
}

@incollection{roy2014compact,
  title={Compact {ring-LWE} cryptoprocessor},
  author={Roy, Sujoy Sinha and Vercauteren, Frederik and Mentens, Nele and Chen, Donald Donglong and Verbauwhede, Ingrid},
  booktitle={Cryptographic Hardware and Embedded Systems--CHES 2014},
  pages={371--391},
  year={2014},
  publisher={Springer}
}

@inproceedings{sendrier2005encoding,
  title={Encoding information into constant weight words},
  author={Sendrier, Nicolas},
  booktitle={International Symposium on Information Theory (ISIT), 2005 },
  pages={435--438},
  year={2005},
  organization={IEEE}
}

@article{weimerskirch2006generalizations,
  title={{Generalizations of the {Karatsuba} Algorithm for Efficient Implementations}.},
  author={Weimerskirch, Andr{\'e} and Paar, Christof},
  journal={IACR Cryptology ePrint Archive},
  volume={2006},
  pages={224},
  year={2006}
}

@article{chen2015high,
  title={High-speed polynomial multiplication architecture for {ring-LWE} and {SHE} cryptosystems},
  author={Chen, Donald Donglong and Mentens, Nele and Vercauteren, Frederik and Roy, Sujoy Sinha and Cheung, Ray CC and Pao, Derek and Verbauwhede, Ingrid},
  journal={Circuits and Systems I: Regular Papers, IEEE Transactions on},
  volume={62},
  number={1},
  pages={157--166},
  year={2015},
  publisher={IEEE}
}

@incollection{poppelmann2012towards,
  title={Towards efficient arithmetic for lattice-based cryptography on reconfigurable hardware},
  author={P{\"o}ppelmann, Thomas and G{\"u}neysu, Tim},
  booktitle={Progress in Cryptology--LATINCRYPT 2012},
  pages={139--158},
  year={2012},
  publisher={Springer}
}

@article{patterson1975algebraic,
  title={The algebraic decoding of Goppa codes},
  author={Patterson, Nicholas J},
  journal={Information Theory, IEEE Transactions on},
  volume={21},
  number={2},
  pages={203--207},
  year={1975},
  publisher={IEEE}
}



@inproceedings{baldi2013optimization,
  title={Optimization of the parity-check matrix density in qc-ldpc code-based mceliece cryptosystems},
  author={Baldi, Marco and Bianchi, Marco and Chiaraluce, Franco},
  booktitle={Communications Workshops (ICC), 2013 IEEE International Conference on},
  pages={707--711},
  year={2013},
  organization={IEEE}
}

@inproceedings{misoczki2013mdpc,
  title={{MDPC-McEliece}: New {McEliece} variants from moderate density parity-check codes},
  author={Misoczki, Rafael and Tillich, Jean-Pierre and Sendrier, Nicolas and Barreto, Paulo SLM},
  booktitle={IEEE International Symposium on Information Theory Proceedings (ISIT), 2013},
  pages={2069--2073},
  year={2013},
  organization={IEEE}
}

@misc{hu2015application,
   author       = {Hu, Jingwei and Cheung, Ray CC},
   title        = {An application specific instruction set processor {(ASIP)} for the {N}iederreiter cryptosystem},
   howpublished = {Cryptology ePrint Archive, Report 2015/1172},
   year         = {2015},
   note         = {\url{http://eprint.iacr.org/2015/1172.pdf}},
}

@article{ieee2008754,
  title={754-2008 IEEE standard for floating-point arithmetic},
  author={IEEE Standards Committee and others},
  journal={IEEE Computer Society Std},
  volume={2008},
  year={2008}
}

@article{cover1973enumerative,
  title={Enumerative source encoding},
  author={Cover, Thomas M},
  journal={Information Theory, IEEE Transactions on},
  volume={19},
  number={1},
  pages={73--77},
  year={1973},
  publisher={IEEE}
}

@article{goloumb1966run,
  title={Run length encoding},
  author={Goloumb, G},
  journal={Information Theory, IEEE Transactions on},
  volume={12},
  pages={399--401},
  year={1966}
}

@incollection{sendrier1995efficient,
  title={Efficient generation of binary words of given weight},
  author={Sendrier, Nicolas},
  booktitle={Cryptography and Coding},
  pages={184--187},
  year={1995},
  publisher={Springer}
}

@article{vandersypen2001experimental,
  title={Experimental realization of {Shor's} quantum factoring algorithm using nuclear magnetic resonance},
  author={Vandersypen, Lieven MK and Steffen, Matthias and Breyta, Gregory and Yannoni, Costantino S and Sherwood, Mark H and Chuang, Isaac L},
  journal={Nature},
  volume={414},
  number={6866},
  pages={883--887},
  year={2001},
  publisher={Nature Publishing Group}
}

@article{xu2011quantum,
  title = {Quantum Factorization of 143 on a Dipolar-Coupling Nuclear Magnetic Resonance System},
  author = {Xu, Nanyang and Zhu, Jing and Lu, Dawei and Zhou, Xianyi and Peng, Xinhua and Du, Jiangfeng},
  journal = {Phys. Rev. Lett.},
  volume = {108},
  issue = {13},
  pages = {130501},
  numpages = {5},
  year = {2012},
  month = {Mar},
  publisher = {American Physical Society},
}

@article{rupp2011hardware,
  title={Hardware SLE solvers: Efficient building blocks for cryptographic and cryptanalyticapplications},
  author={Rupp, Andy and Eisenbarth, Thomas and Bogdanov, Andrey and Grieb, Oliver},
  journal={Integration},
  volume={44},
  number={4},
  pages={290--304},
  year={2011},
  publisher={Elsevier}
}

@incollection{baldi2013using,
  title={Using {LDGM} codes and sparse syndromes to achieve digital signatures},
  author={Baldi, Marco and Bianchi, Marco and Chiaraluce, Franco and Rosenthal, Joachim and Schipani, Davide},
  booktitle={Post-quantum cryptography},
  pages={1--15},
  year={2013},
  publisher={Springer}
}

@article{baldi2016enhanced,
  title={Enhanced public key security for the {McEliece} cryptosystem},
  author={Baldi, Marco and Bianchi, Marco and Chiaraluce, Franco and Rosenthal, Joachim and Schipani, Davide},
  journal={Journal of Cryptology},
  volume={29},
  number={1},
  pages={1--27},
  year={2016},
  publisher={Springer}
}

@incollection{bernstein2013mcbits,
  title={{McBits}: fast constant-time code-based cryptography},
  author={Bernstein, Daniel J and Chou, Tung and Schwabe, Peter},
  booktitle={Cryptographic Hardware and Embedded Systems-CHES 2013},
  pages={250--272},
  year={2013},
  publisher={Springer}
}

@incollection{poppelmann2014enhanced,
  title={Enhanced lattice-based signatures on reconfigurable hardware},
  author={P{\"o}ppelmann, Thomas and Ducas, L{\'e}o and G{\"u}neysu, Tim},
  booktitle={Cryptographic Hardware and Embedded Systems--CHES 2014},
  pages={353--370},
  year={2014},
  publisher={Springer}
}

@incollection{guneysu2013software,
  title={Software speed records for lattice-based signatures},
  author={G{\"u}neysu, Tim and Oder, Tobias and P{\"o}ppelmann, Thomas and Schwabe, Peter},
  booktitle={Post-Quantum Cryptography},
  pages={67--82},
  year={2013},
  publisher={Springer}
}

@incollection{guneysu2012practical,
  title={Practical lattice-based cryptography: A signature scheme for embedded systems},
  author={G{\"u}neysu, Tim and Lyubashevsky, Vadim and P{\"o}ppelmann, Thomas},
  booktitle={Cryptographic Hardware and Embedded Systems--CHES 2012},
  pages={530--547},
  year={2012},
  publisher={Springer}
}

@article{glas2011prime,
  title={Prime field {ECDSA} signature processing for reconfigurable embedded systems},
  author={Glas, Benjamin and Sander, Oliver and Stuckert, Vitali and M{\"u}ller-Glaser, Klaus D and Becker, J{\"u}rgen},
  journal={International Journal of Reconfigurable Computing},
  volume={2011},
  pages={5},
  year={2011},
  publisher={Hindawi Publishing Corp.}
}

@incollection{kabatianskii1997digital,
  title={A digital signature scheme based on random error-correcting codes},
  author={Kabatianskii, Gregory and Krouk, E and Smeets, Ben},
  booktitle={Crytography and Coding},
  pages={161--167},
  year={1997},
  publisher={Springer}
}

@incollection{otmani2011efficient,
  title={An efficient attack on all concrete {KKS} proposals},
  author={Otmani, Ayoub and Tillich, Jean-Pierre},
  booktitle={Post-quantum cryptography},
  pages={98--116},
  year={2011},
  publisher={Springer}
}

@inproceedings{baldi2007cryptanalysis,
  title={Cryptanalysis of a new instance of {McEliece} cryptosystem based on {QC-LDPC} codes},
  author={Baldi, Mario and Chiaraluce, Franco},
  booktitle={Information Theory, 2007. ISIT 2007. IEEE International Symposium on},
  pages={2591--2595},
  year={2007},
  organization={IEEE}
}

@inproceedings{baldi2007quasi,
  title={Quasi-cyclic low-density parity-check codes in the {M}cEliece cryptosystem},
  author={Baldi, Mario and Chiaraluce, Franco and Garello, Rene and Mininni, Francesco},
  booktitle={Communications, 2007. ICC'07. IEEE International Conference on},
  pages={951--956},
  year={2007},
  organization={IEEE}
}

@incollection{baldi2008new,
  title={A new analysis of the {M}cEliece cryptosystem based on {QC-LDPC} codes},
  author={Baldi, Marco and Bodrato, Marco and Chiaraluce, Franco},
  booktitle={Security and Cryptography for Networks},
  pages={246--262},
  year={2008},
  publisher={Springer}
}


@incollection{overbeck2009code,
  title={Code-based cryptography},
  author={Overbeck, Raphael and Sendrier, Nicolas},
  booktitle={Post-quantum cryptography},
  pages={95--145},
  year={2009},
  publisher={Springer}
}

@book{kabatiansky2005error,
  title={Error correcting coding and security for data networks: analysis of the superchannel concept},
  author={Kabatiansky, Grigorii and Krouk, Evgenii and Semenov, Sergei},
  year={2005},
  publisher={John Wiley \& Sons}
}

@article{barreto2011one,
  title={One-time signature scheme from syndrome decoding over generic error-correcting codes},
  author={Barreto, Paulo SLM and Misoczki, Rafael and Simplicio Jr, Marcos A},
  journal={Journal of Systems and Software},
  volume={84},
  number={2},
  pages={198--204},
  year={2011},
  publisher={Elsevier}
}

@incollection{baldi2014qc,
  title={{QC-LDPC} Code-Based Cryptosystems},
  author={Baldi, Marco},
  booktitle={QC-LDPC Code-Based Cryptography},
  pages={91--117},
  year={2014},
  publisher={Springer}
}

@inproceedings{misoczki2009compact,
  title={Compact McEliece keys from Goppa codes},
  author={Misoczki, Rafael and Barreto, Paulo SLM},
  booktitle={International Workshop on Selected Areas in Cryptography},
  pages={376--392},
  year={2009},
  organization={Springer}
}

@inproceedings{londahl2012new,
  title={A new version of McEliece PKC based on convolutional codes},
  author={L{\"o}ndahl, Carl and Johansson, Thomas},
  booktitle={International Conference on Information and Communications Security},
  pages={461--470},
  year={2012},
  organization={Springer}
}

@inproceedings{phesso2016efficient,
  title={An Efficient Attack on a Code-Based Signature Scheme},
  author={Phesso, Aur{\'e}lie and Tillich, Jean-Pierre},
  booktitle={International Workshop on Post-Quantum Cryptography},
  pages={86--103},
  year={2016},
  organization={Springer}
}

@article{hu2017toward,
  title={Toward Practical Code-Based Signature: Implementing Fast and Compact {QC-LDGM} Signature Scheme on Embedded Hardware},
  author={Hu, Jingwei and Cheung, Ray CC},
  journal={IEEE Transactions on Circuits and Systems I: Regular Papers},
  year={2017},
  publisher={IEEE}
}

@article{hu2017area,
  title={Area-Time Efficient Computation of {N}iederreiter Encryption on {QC-MDPC} Codes for Embedded Hardware},
  author={Hu, Jingwei and Cheung, Ray C.C},
  journal={IEEE Transactions on Computers},
  year={2017},
  publisher={IEEE}
}

@article{guneysu2015lattice,
  title={Lattice-based signatures: optimization and implementation on reconfigurable hardware},
  author={G{\"u}neysu, Tim and Lyubashevsky, Vadim and P{\"o}ppelmann, Thomas},
  journal={IEEE Transactions on Computers},
  volume={64},
  number={7},
  pages={1954--1967},
  year={2015},
  publisher={IEEE}
}

@inproceedings{chen2015differential,
  title={Differential power analysis of a {McEliece} cryptosystem},
  author={Chen, Cong and Eisenbarth, Thomas and Von Maurich, Ingo and Steinwandt, Rainer},
  booktitle={International Conference on Applied Cryptography and Network Security},
  pages={538--556},
  year={2015},
  organization={Springer}
}

@article{chen2016report,
  title={Report on post-quantum cryptography},
  author={Chen, Lily and Jordan, Stephen and Liu, Yi-Kai and Moody, Dustin and Peralta, Rene and Perlner, Ray and Smith-Tone, Daniel},
  journal={National Institute of Standards and Technology Internal Report},
  volume={8105},
  year={2016}
}

@article{hu2017compact,
  title={Compact Constant Weight Coding Engines for the Code Based Cryptography},
  author={Hu, Jingwei and Cheung, Ray and Guneysu, Tim},
  journal={IEEE Transactions on Circuits and Systems II: Express Briefs},
  year={2017},
  publisher={IEEE}
}

@inproceedings{goodwill2011testing,
  title={A testing methodology for side-channel resistance validation},
  author={Goodwill, Gilbert and Jun, Benjamin and Jaffe, Josh and Rohatgi, Pankaj},
  booktitle={NIST non-invasive attack testing workshop},
  pages={158--172},
  year={2011}
}

@inproceedings{nikova2006threshold,
  title={Threshold implementations against side-channel attacks and glitches},
  author={Nikova, Svetla and Rechberger, Christian and Rijmen, Vincent},
  booktitle={International Conference on Information and Communications Security},
  pages={529--545},
  year={2006},
  organization={Springer}
}

@inproceedings{schneider2015arithmetic,
  title={Arithmetic addition over boolean masking},
  author={Schneider, Tobias and Moradi, Amir and G{\"u}neysu, Tim},
  booktitle={International Conference on Applied Cryptography and Network Security},
  pages={559--578},
  year={2015},
  organization={Springer}
}

@inproceedings{becker2013test,
  title={Test vector leakage assessment ({TVLA}) methodology in practice},
  author={Becker, GT and Cooper, J and DeMulder, E and Goodwill, G and Jaffe, J and Kenworthy, G and Kouzminov, T and Leiserson, A and Marson, M and Rohatgi, P and others},
  booktitle={International Cryptographic Module Conference},
  volume={1001},
  pages={13},
  year={2013}
}

@inproceedings{rachwalik2012generation,
  title={Generation of Nonlinear Feedback Shift Registers with special-purpose hardware},
  author={Rachwalik, Tomasz and Szmidt, Janusz and Wicik, Robert and Zab{\l}ocki, Janusz},
  booktitle={Communications and Information Systems Conference (MCC), 2012 Military},
  pages={1--4},
  year={2012},
  organization={IEEE}
}

@inproceedings{strenzke2008side,
  title={Side channels in the {McEliece} {PKC}},
  author={Strenzke, Falko and Tews, Erik and Molter, H Gregor and Overbeck, Raphael and Shoufan, Abdulhadi},
  booktitle={International Workshop on Post-Quantum Cryptography},
  pages={216--229},
  year={2008},
  organization={Springer}
}

@inproceedings{shoufan2009timing,
  title={A timing attack against Patterson algorithm in the {McEliece PKC}},
  author={Shoufan, Abdulhadi and Strenzke, Falko and Molter, H Gregor and St{\"o}ttinger, Marc},
  booktitle={International Conference on Information Security and Cryptology},
  pages={161--175},
  year={2009},
  organization={Springer}
}

@inproceedings{heyse2010practical,
  title={Practical power analysis attacks on software implementations of {McEliece}},
  author={Heyse, Stefan and Moradi, Amir and Paar, Christof},
  booktitle={International Workshop on Post-Quantum Cryptography},
  pages={108--125},
  year={2010},
  organization={Springer}
}

@article{molter2011simple,
  title={A simple power analysis attack on a McEliece cryptoprocessor},
  author={Molter, H Gregor and St{\"o}ttinger, Marc and Shoufan, Abdulhadi and Strenzke, Falko},
  journal={Journal of Cryptographic Engineering},
  volume={1},
  number={1},
  pages={29--36},
  year={2011},
  publisher={Springer}
}

@incollection{eisenbarth2009microeliece,
  title={MicroEliece: McEliece for embedded devices},
  author={Eisenbarth, Thomas and G{\"u}neysu, Tim and Heyse, Stefan and Paar, Christof},
  booktitle={Cryptographic Hardware and Embedded Systems-CHES 2009},
  pages={49--64},
  year={2009},
  publisher={Springer}
}

@inproceedings{cayrel2010fault,
  title={Fault injectionâ€™s sensitivity of the McEliece PKC},
  author={Cayrel, Pierre-Louis and Dusart, Pierre},
  booktitle={Proc. of 5th International Conference on Future Information Technology},
  pages={1--6},
  year={2010}
}

@inproceedings{cayrel2010mceliece,
  title={{McEliece/Niederreiter PKC}: Sensitivity to fault injection},
  author={Cayrel, Pierre-Louis and Dusart, Pierre},
  booktitle={5th International Conference on Future Information Technology (FutureTech), 2010 },
  pages={1--6},
  year={2010},
  organization={IEEE}
}

@inproceedings{chen2015masking,
  title={Masking large keys in hardware: A masked implementation of {McEliece}},
  author={Chen, Cong and Eisenbarth, Thomas and von Maurich, Ingo and Steinwandt, Rainer},
  booktitle={International Conference on Selected Areas in Cryptography},
  pages={293--309},
  year={2015},
  organization={Springer}
}

@inproceedings{chou2016qcbits,
  title={{QcBits}: constant-time small-key code-based cryptography},
  author={Chou, Tung},
  booktitle={International Conference on Cryptographic Hardware and Embedded Systems},
  pages={280--300},
  year={2016},
  organization={Springer}
}

@inproceedings{rossi2017side,
  title={A Side-Channel Assisted Cryptanalytic Attack Against {QcBits}},
  author={Rossi, M{\'e}lissa and Hamburg, Mike and Hutter, Michael and Marson, Mark E},
  booktitle={Cryptographic Hardware and Embedded Systems-CHES 2017},
  year={2017},
  organization={Springer}
}

@article{sakura2017,
  title={SAKURA-{G} Hardware Security Project},
  url={http://satoh.cs.uec.ac.jp/SAKURA/hardware/SAKURA-G.html}
}


@inproceedings{pqc2017,
  title={Post-{Q}uantum {C}ryptography {S}tandardization},
  url={https://csrc.nist.gov/projects/post-quantum-cryptography},
  year={2017},
  organization={computer security research center, NIST}
}

@inproceedings{kocher1999differential,
  title={Differential power analysis},
  author={Kocher, Paul and Jaffe, Joshua and Jun, Benjamin},
  booktitle={Advances in cryptologyâ€”CRYPTOâ€™99},
  pages={789--789},
  year={1999},
  organization={Springer}
}

@inproceedings{brier2004correlation,
  title={Correlation power analysis with a leakage model},
  author={Brier, Eric and Clavier, Christophe and Olivier, Francis},
  booktitle={International Workshop on Cryptographic Hardware and Embedded Systems},
  pages={16--29},
  year={2004},
  organization={Springer}
}

@article{chen2016horizontal,
  title={Horizontal and Vertical Side Channel Analysis of a {M}cEliece Cryptosystem},
  author={Chen, Cong and Eisenbarth, Thomas and von Maurich, Ingo and Steinwandt, Rainer},
  journal={IEEE Transactions on Information Forensics and Security},
  volume={11},
  number={6},
  pages={1093--1105},
  year={2016},
  publisher={IEEE}
}

@article{li1994equivalence,
  title={On the equivalence of McEliece's and Niederreiter's public-key cryptosystems},
  author={Li, Yuan Xing and Deng, Robert H and Wang, Xin Mei},
  journal={IEEE Transactions on Information Theory},
  volume={40},
  number={1},
  pages={271--273},
  year={1994},
  publisher={IEEE}
}

@article{l1996maximally,
  title={Maximally equidistributed combined Tausworthe generators},
  author={Lâ€™ecuyer, Pierre},
  journal={Mathematics of Computation of the American Mathematical Society},
  volume={65},
  number={213},
  pages={203--213},
  year={1996}
}

@manual{aragon2017bike,
  title={BIKE: Bit Flipping Key Encapsulation},
  author={Aragon, Nicolas and Barreto, Paulo and Bettaieb, Slim and Bidoux, Lo{\"\i}c and Blazy, Olivier and Deneuville, Jean-Christophe and Gaborit, Philippe and Gueron, Shay and Guneysu, Tim and Melchor, Carlos Aguilar and others},
  journal={NIST PQC third round submisssion},
  year={2020},
  note={\url{https://bikesuite.org/files/v4.1/BIKE_Spec.2020.10.22.1.pdf}}
}


@inproceedings{baldi2018ledakem,
  title={LEDAkem: a post-quantum key encapsulation mechanism based on {QC-LDPC} codes},
  author={Baldi, Marco and Barenghi, Alessandro and Chiaraluce, Franco and Pelosi, Gerardo and Santini, Paolo},
  booktitle={International Conference on Post-Quantum Cryptography},
  pages={3--24},
  year={2018},
  organization={Springer}
}

@manual{baldi2020ledacrypt,
  title={Low-d{E}nsity parity-check co{D}e-b{A}sed cryptographic systems ({LEDAcrypt}) {April} 2020},
  author={Baldi, Marco and Barenghi, Alessandro and Chiaraluce, Franco and Pelosi, Gerardo and Santini, Paolo}, 
  journal={NIST PQC second round submisssion},
  year={2020},
  note = {\url{https://www.ledacrypt.org/documents/LEDAcrypt_v3.pdf}},
}

@article{massolino2015optimized,
  title={Optimized and scalable co-processor for McEliece with binary Goppa codes},
  author={Massolino, Pedro Maat C and Barreto, Paulo SLM and Ruggiero, Wilson V},
  journal={ACM Transactions on Embedded Computing Systems (TECS)},
  volume={14},
  number={3},
  pages={45},
  year={2015},
  publisher={ACM}
}

@inproceedings{wang2017fpga,
  title={{FPGA}-based key generator for the {Niederreiter} cryptosystem using binary {Goppa} codes},
  author={Wang, Wen and Szefer, Jakub and Niederhagen, Ruben},
  booktitle={International Conference on Cryptographic Hardware and Embedded Systems},
  pages={253--274},
  year={2017},
  organization={Springer}
}

@inproceedings{loidreau2017new,
  title={A new rank metric codes based encryption scheme},
  author={Loidreau, Pierre},
  booktitle={International Workshop on Post-Quantum Cryptography},
  pages={3--17},
  year={2017},
  organization={Springer}
}

@inproceedings{wang2018fpga,
  title={{FPGA}-based {Niederreiter} cryptosystem using binary {Goppa} codes},
  author={Wang, Wen and Szefer, Jakub and Niederhagen, Ruben},
  booktitle={International Conference on Post-Quantum Cryptography},
  pages={77--98},
  year={2018},
  organization={Springer}
}

@article{gaborit2018polynomial,
  title={Polynomial-time key recovery attack on the Faure--Loidreau scheme based on Gabidulin codes},
  author={Gaborit, Philippe and Otmani, Ayoub and Kalachi, Herv{\'e} Tal{\'e}},
  journal={Designs, Codes and Cryptography},
  volume={86},
  number={7},
  pages={1391--1403},
  year={2018},
  publisher={Springer}
}

@inproceedings{guo2016key,
  title={A key recovery attack on {MDPC} with {CCA} security using decoding errors},
  author={Guo, Qian and Johansson, Thomas and Stankovski, Paul},
  booktitle={International Conference on the Theory and Application of Cryptology and Information Security},
  pages={789--815},
  year={2016},
  organization={Springer}
}

@inproceedings{fabvsivc2017reaction,
  title={A reaction attack on the QC-LDPC McEliece cryptosystem},
  author={Fab{\v{s}}i{\v{c}}, Tom{\'a}{\v{s}} and Hromada, Viliam and Stankovski, Paul and Zajac, Pavol and Guo, Qian and Johansson, Thomas},
  booktitle={International Workshop on Post-Quantum Cryptography},
  pages={51--68},
  year={2017},
  organization={Springer}
}

@article{nilsson2019error,
  title={Error Amplification in Code-based Cryptography},
  author={Nilsson, Alexander and Johansson, Thomas and Wagner, Paul Stankovski},
  journal={IACR Transactions on Cryptographic Hardware and Embedded Systems},
  pages={238--258},
  year={2019}
}

@inproceedings{barreto2017cake,
  title={CAKE: code-based algorithm for key encapsulation},
  author={Barreto, Paulo SLM and Gueron, Shay and Gueneysu, Tim and Misoczki, Rafael and Persichetti, Edoardo and Sendrier, Nicolas and Tillich, Jean-Pierre},
  booktitle={IMA International Conference on Cryptography and Coding},
  pages={207--226},
  year={2017},
  organization={Springer}
}

@article{aragon2017bike,
  title={BIKE: Bit Flipping Key Encapsulation},
  author={Aragon, Nicolas and Barreto, Paulo and Bettaieb, Slim and Bidoux, Lo{\"\i}c and Blazy, Olivier and Deneuville, Jean-Christophe and Gaborit, Philippe and Gueron, Shay and Guneysu, Tim and Melchor, Carlos Aguilar and others},
  year={2017}
}

@article{baldi2019design,
  title={Design of LEDAkem and LEDApkc instances with tight parameters and bounded decryption failure rate},
  author={Baldi, Marco and Barenghi, Alessandro and Chiaraluce, Franco and Pelosi, Gerardo and Santini, Paolo}
}


@inproceedings{wang2019xmss,
  title={XMSS and Embedded Systems: {XMSS} Hardware Accelerators for {RISC-V}},
  author={Wang, Wen and Jungk, Bernhard and W{\"a}lde, Julian and Deng, Shuwen and Gupta, Naina and Szefer, Jakub and Niederhagen, Ruben},
  booktitle={Selected Areas in Cryptography},
  year={2019}
}


@article{kayser2007announcing,
  title={Announcing request for candidate algorithm nominations for a new cryptographic hash algorithm ({SHA-3}) family},
  author={Kayser, Richard F},
  journal={Federal Register},
  volume={72},
  number={212},
  pages={62},
  year={2007},
  publisher={National Institute of Standards and Technology (NIST)}
}

@techreport{rukhin2001statistical,
  title={A statistical test suite for random and pseudorandom number generators for cryptographic applications},
  author={Rukhin, Andrew and Soto, Juan and Nechvatal, James and Smid, Miles and Barker, Elaine},
  year={2001},
  institution={Booz-Allen and Hamilton Inc Mclean Va}
}

@article{aragon2019low,
  title={Low rank parity check codes: New decoding algorithms and applications to cryptography},
  author={Aragon, Nicolas and Gaborit, Philippe and Hauteville, Adrien and Ruatta, Olivier and Z{\'e}mor, Gilles},
  journal={IEEE Transactions on Information Theory},
  volume={65},
  number={12},
  pages={7697--7717},
  year={2019},
  publisher={IEEE}
}

@article{wang1993systolic,
  title={A systolic architecture for computing inverses and divisions in finite fields {$GF(2^m)$}},
  author={Wang, Chin-Liang and Lin, Jung-Lung},
  journal={IEEE Transactions on Computers},
  volume={42},
  number={9},
  pages={1141--1146},
  year={1993},
  publisher={IEEE}
}

@manual{bernstein2020classic,
  title={Classic {McEliece}: conservative code-based cryptography 10 October 2020},
  author={Bernstein, Daniel J and Chou, Tung and Lange, Tanja and Misoczki, Rafael and Niederhagen, Ruben and Persichetti, Edoardo and Schwabe, Peter and Szefer, Jakub and Wang, Wen},
  year={2020},
  note={\url{https://classic.mceliece.org/nist.html}}
}

@manual{gaborit2020hqc,
  title={Hamming {Quasi-Cyclic} ({HQC}) {April} 2020},
  author={Philippe Gaborit, Jean-Christophe Deneuville}, 
  year ={2020},
  journal={NIST PQC third round submisssion},
  note = {\url{https://pqc-hqc.org/doc/hqc-specification_2020-10-01.pdf}},
}

@manual{gaborit2020rqc,
  title={Rank {Quasi-Cyclic} ({RQC}) {April} 2020},
  author={Philippe Gaborit, Jean-Christophe Deneuville},
  journal={NIST PQC second round submisssion},
  note = {\url{https://https://pqc-rqc.org/doc/rqc-specification_2020-04-21.pdf}},
}

@article{hu2019lightweight,
  title={Lightweight Key Encapsulation Using {LDPC} Codes on {FPGAs}},
  author={Hu, Jingwei and Baldi, Marco and Santini, Paolo and Zeng, Neng and Ling, San and Wang, Huaxiong},
  journal={IEEE Transactions on Computers},
  volume={69},
  number={3},
  pages={327--341},
  year={2019},
  publisher={IEEE}
}

@article{montgomery2005five,
  title={Five, six, and seven-term {Karatsuba}-like formulae},
  author={Montgomery, Peter L},
  journal={IEEE Transactions on Computers},
  volume={54},
  number={3},
  pages={362--369},
  year={2005},
  publisher={IEEE}
}

@inproceedings{gabidulin1991ideals,
  title={Ideals over a non-commutative ring and their application in cryptology},
  author={Gabidulin, Ernst M and Paramonov, AV and Tretjakov, OV},
  booktitle={Workshop on the Theory and Application of of Cryptographic Techniques},
  pages={482--489},
  year={1991},
  organization={Springer}
}


@inproceedings{overbeck2005new,
  title={A new structural attack for {GPT} and variants},
  author={Overbeck, Raphael},
  booktitle={International Conference on Cryptology in Malaysia},
  pages={50--63},
  year={2005},
  organization={Springer}
}


@manual{gaborit2017rollo,
  title={{ROLLO} - {Rank-Ouroboros}, {LAKE}, {LOCKER}, updated on {April} 21st, 2020},
  author={ Philippe Gaborit, Jean-Christophe Deneuville et. al},
  journal={NIST PQC second round submisssion},
  note = {\url{https://pqc-rollo.org/doc/rollo-specification_2020-04-21.pdf}},
}

@inproceedings{bardet2020algebraic,
  title={An algebraic attack on rank metric code-based cryptosystems},
  author={Bardet, Magali and Briaud, Pierre and Bros, Maxime and Gaborit, Philippe and Neiger, Vincent and Ruatta, Olivier and Tillich, Jean-Pierre},
  booktitle={Annual International Conference on the Theory and Applications of Cryptographic Techniques},
  pages={64--93},
  year={2020},
  organization={Springer}
}

@book{alagic2019status,
  title={Status report on the first round of the NIST post-quantum cryptography standardization process},
  author={Alagic, Gorjan and Alagic, Gorjan and Alperin-Sheriff, Jacob and Apon, Daniel and Cooper, David and Dang, Quynh and Liu, Yi-Kai and Miller, Carl and Moody, Dustin and Peralta, Rene and others},
  year={2019},
  publisher={US Department of Commerce, National Institute of Standards and Technology}
}

@article{alagic2020status,
  title={Status report on the second round of the NIST post-quantum cryptography standardization process},
  author={Alagic, Gorjan and Alperin-Sheriff, Jacob and Apon, Daniel and Cooper, David and Dang, Quynh and Kelsey, John and Liu, Yi-Kai and Miller, Carl and Moody, Dustin and Peralta, Rene and others},
  journal={US Department of Commerce, NIST},
  year={2020}
}


@inproceedings{hu2019optimized,
  title={Optimized Polynomial Multiplier Over Commutative Rings on {FPGAs}: A Case Study on {BIKE}},
  author={Hu, Jingwei and Wang, Wen and Cheung, Ray CC and Wang, Huaxiong},
  booktitle={2019 International Conference on Field-Programmable Technology (ICFPT)},
  pages={231--234},
  year={2019},
  organization={IEEE}
}


@inproceedings{gaborit2013low,
  title={Low rank parity check codes and their application to cryptography},
  author={Gaborit, Philippe and Murat, Ga{\'e}tan and Ruatta, Olivier and Z{\'e}mor, Gilles},
  booktitle={Proceedings of the Workshop on Coding and Cryptography WCC},
  volume={2013},
  year={2013}
}

@article{bardet2020algebraic2,
  title={Algebraic attacks for solving the Rank Decoding and MinRank problems without GrÃ¶bner basis},
  author={Bardet, Magali and Bros, Maxime and Cabarcas, Daniel and Gaborit, Philippe and Perlner, Ray and Smith-Tone, Daniel and Tillich, Jean-Pierre and Verbel, Javier},
  journal={arXiv preprint arXiv:2002.08322},
  year={2020}
}

    @manual{opencores2013sha3,
      title  = "SHA3 (KECCAK) OpenCores Project",
      author = "Homer Hsing",
      note   = "\url{https://opencores.org/projects/sha3}",
      year   = "2013"
    }

@inproceedings{hofheinz2017modular,
  title={A modular analysis of the Fujisaki-Okamoto transformation},
  author={Hofheinz, Dennis and H{\"o}velmanns, Kathrin and Kiltz, Eike},
  booktitle={Theory of Cryptography Conference},
  pages={341--371},
  year={2017},
  organization={Springer}
}

@inproceedings{aragon2019key,
  title={A key recovery attack against LRPC using decryption failures},
  author={Aragon, Nicolas and Gaborit, Philippe},
  booktitle={International Workshop on Coding and Cryptography (WCC 2019), Saint-Jacut-de-la-Mer, Norway},
  year={2019}
}

@techreport{richter2020folding,
  title={Folding BIKE: Scalable Hardware Implementation for Reconfigurable Devices},
  author={Richter-Brockmann, Jan and G{\"u}neysu, Tim},
  year={2020},
  institution={Cryptology ePrint Archive 2020/897}
}

@article{bernstein2001multidigit,
  title={Multidigit multiplication for mathematicians},
  author={Bernstein, Daniel J},
  year={2001},
  publisher={Citeseer}
}

@inproceedings{bertoni2010sponge,
  title={Sponge-based pseudo-random number generators},
  author={Bertoni, Guido and Daemen, Joan and Peeters, Micha{\"e}l and Van Assche, Gilles},
  booktitle={International Workshop on Cryptographic Hardware and Embedded Systems},
  pages={33--47},
  year={2010},
  organization={Springer}
}

@inproceedings{samardjiska2019reaction,
  title={A reaction attack against cryptosystems based on LRPC codes},
  author={Samardjiska, Simona and Santini, Paolo and Persichetti, Edoardo and Banegas, Gustavo},
  booktitle={International Conference on Cryptology and Information Security in Latin America},
  pages={197--216},
  year={2019},
  organization={Springer}
}


@inproceedings{gentry2013homomorphic,
  title={Homomorphic encryption from learning with errors: Conceptually-simpler, asymptotically-faster, attribute-based},
  author={Gentry, Craig and Sahai, Amit and Waters, Brent},
  booktitle={Advances in Cryptology--CRYPTO 2013: 33rd Annual Cryptology Conference, Santa Barbara, CA, USA, August 18-22, 2013. Proceedings, Part I},
  pages={75--92},
  year={2013},
  organization={Springer}
}



@inproceedings{ducas2015fhew,
  title={FHEW: bootstrapping homomorphic encryption in less than a second},
  author={Ducas, L{\'e}o and Micciancio, Daniele},
  booktitle={Advances in Cryptology--EUROCRYPT 2015: 34th Annual International Conference on the Theory and Applications of Cryptographic Techniques, Sofia, Bulgaria, April 26-30, 2015, Proceedings, Part I 34},
  pages={617--640},
  year={2015},
  organization={Springer}
}

@article{chillotti2020tfhe,
  title={TFHE: fast fully homomorphic encryption over the torus},
  author={Chillotti, Ilaria and Gama, Nicolas and Georgieva, Mariya and Izabach{\`e}ne, Malika},
  journal={Journal of Cryptology},
  volume={33},
  number={1},
  pages={34--91},
  year={2020},
  publisher={Springer}
}